@online{gouvernement_canada,
    title = {Gouvernement du Canada},
    url = {https://www.canada.ca/fr/environnement-changement-climatique/services/prevention-effets-nefastes-oiseaux-migrateurs/periodes-generales-nidification/periodes-nidification.html},
    website = {Canada.ca},
    urldate = {2024-04-24},
    date = {2023-07-26},
}

@article{cuervo2013temporal,
  title={Temporal variation in population size of European bird species: effects of latitude and marginality of distribution},
  author={Cuervo, Jos{\'e} J and M{\o}ller, Anders P},
  journal={PLoS One},
  volume={8},
  number={10},
  pages={e77654},
  year={2013},
  publisher={Public Library of Science San Francisco, USA}
}

@article{desgranges2010potential,
  title={Potential Sensitivity of Qu{\'e}bec's Breeding Birds to Climate Change Sensibilit{\'e} potentielle des oiseaux nicheurs du Qu{\'e}bec aux changements climatiques},
  author={DesGranges, Jean-Luc and Morneau, Fran{\c{c}}ois},
  journal={Avian Conservation and Ecology},
  volume={5},
  number={2},
  pages={5},
  year={2010}
}

@online{saison_orinthologues,
    title = {La saison préférée des ornithologues},
    url = {https://www.sepaq.com/blogue/saison-preferee-ornithologues.dot},
    website = {Sépaq},
    urldate = {2024-04-24},
}

@article{newton1996bird,
  title={Bird migration at different latitudes in eastern North America},
  author={Newton, I and Dale, LC},
  journal={The Auk},
  volume={113},
  number={3},
  pages={626--635},
  year={1996},
  publisher={Oxford University Press}
}

@article{rabosky2015minimal,
  title={Minimal effects of latitude on present-day speciation rates in New World birds},
  author={Rabosky, Daniel L and Title, Pascal O and Huang, Huateng},
  journal={Proceedings of the Royal Society B: Biological Sciences},
  volume={282},
  number={1809},
  pages={20142889},
  year={2015},
  publisher={The Royal Society}
}
